<record><leader>00000cas a22000007a 4500</leader><controlfield tag="001">47483203</controlfield><controlfield tag="008">010719d18981903sduwr ne      0    0eng d</controlfield><datafield ind1=" " ind2=" " tag="010"><subfield code="a">sn2001063546</subfield></datafield><datafield ind1=" " ind2=" " tag="040"><subfield code="a">SXN</subfield><subfield code="b">eng</subfield><subfield code="c">SXN</subfield><subfield code="d">OCLCF</subfield><subfield code="d">OCLCO</subfield></datafield><datafield ind1="1" ind2=" " tag="029"><subfield code="a">AU@</subfield><subfield code="b">000022850455</subfield></datafield><datafield ind1=" " ind2=" " tag="042"><subfield code="a">msc</subfield></datafield><datafield ind1=" " ind2=" " tag="043"><subfield code="a">n-us-sd</subfield></datafield><datafield ind1="0" ind2="0" tag="245"><subfield code="a">Brookings weekly register.</subfield></datafield><datafield ind1=" " ind2=" " tag="260"><subfield code="a">Brookings, Brookings County, S.D. :</subfield><subfield code="b">Dutcher, Breed &amp; Storgaard,</subfield></datafield><datafield ind1=" " ind2=" " tag="300"><subfield code="a">v.</subfield></datafield><datafield ind1=" " ind2=" " tag="310"><subfield code="a">Weekly</subfield></datafield><datafield ind1="0" ind2=" " tag="362"><subfield code="a">Vol. 18, no. 28 (Dec. 15, 1898)-v. 23, no. 14 (Sept. 3, 1903).</subfield></datafield><datafield ind1=" " ind2=" " tag="530"><subfield code="a">Available on microfilm from: State Archives, South Dakota State Historical Society.</subfield></datafield><datafield ind1=" " ind2="0" tag="651"><subfield code="a">Brookings (S.D.)</subfield><subfield code="v">Newspapers.</subfield></datafield><datafield ind1=" " ind2="0" tag="651"><subfield code="a">Brookings County (S.D.)</subfield><subfield code="v">Newspapers.</subfield></datafield><datafield ind1=" " ind2="7" tag="655"><subfield code="a">Newspapers.</subfield><subfield code="2">fast</subfield><subfield code="0">(OCoLC)fst01423814</subfield></datafield><datafield ind1=" " ind2="7" tag="651"><subfield code="a">South Dakota</subfield><subfield code="z">Brookings.</subfield><subfield code="2">fast</subfield><subfield code="0">(OCoLC)fst01228906</subfield></datafield><datafield ind1=" " ind2="7" tag="651"><subfield code="a">South Dakota</subfield><subfield code="z">Brookings County.</subfield><subfield code="2">fast</subfield><subfield code="0">(OCoLC)fst01211934</subfield></datafield><datafield ind1=" " ind2=" " tag="752"><subfield code="a">United States</subfield><subfield code="b">South Dakota</subfield><subfield code="c">Brookings</subfield><subfield code="d">Brookings.</subfield></datafield><datafield ind1="0" ind2="0" tag="780"><subfield code="t">Semi-weekly register (Brookings, S.D.)</subfield><subfield code="w">(DLC)sn 200163545</subfield></datafield><datafield ind1="0" ind2="0" tag="785"><subfield code="t">Brookings register (Brookings, S.D. : 1903)</subfield><subfield code="w">(DLC)sn 85042792</subfield></datafield></record>